@article{kato2015global,
  title={Global brain dynamics embed the motor command sequence of {C}aenorhabditis elegans},
  author={Kato, Saul and Kaplan, Harris S and Schr{\"o}del, Tina and Skora, Susanne and Lindsay, Theodore H and Yemini, Eviatar and Lockery, Shawn and Zimmer, Manuel},
  journal={Cell},
  volume={163},
  number={3},
  pages={656--669},
  year={2015},
  publisher={Elsevier}
}

@article{linderman2016recurrent,
  title={Recurrent switching linear dynamical systems},
    author={Linderman, Scott W and Miller, Andrew C and Adams, Ryan P and Blei, David M and Paninski, Liam and Johnson, Matthew J},
      journal={arXiv preprint arXiv:1610.08466},
        year={2016}
	}

@article{white1986structure,
  title={The structure of the nervous system of the nematode {C}aenorhabditis elegans},
    author={White, John G and Southgate, Eileen and Thomson, J Nichol and Brenner, Sydney},
      journal={Philos Trans R Soc Lond B Biol Sci},
        volume={314},
	  number={1165},
	    pages={1--340},
	      year={1986},
	        publisher={Citeseer}
		}


@article{fox2009nonparametric,
  title={Nonparametric {B}ayesian learning of switching linear dynamical systems},
    author={Fox, Emily and Sudderth, Erik B and Jordan, Michael I and Willsky, Alan S},
      journal={Advances in Neural Information Processing Systems},
        pages={457--464},
	  year={2009}
	  }
% Bar Shalom and Li 1993
@book{bar1993estimation,
  title={Estimation and tracking},
    author={Bar-Shalom, Yaakov and Li, Xiao-Rong},
      publisher={Artech House},
      address={Boston, MA},
        year={1993}
	}
	
@techreport{ghahramani1996switching,
  title={Switching state-space models},
    author={Ghahramani, Zoubin and Hinton, Geoffrey E},
      year={1996},
        institution={University of Toronto}
	}
	
@techreport{murphy1998switching,
  title={Switching {K}alman filters},
    author={Murphy, Kevin P},
      year={1998},
      institution={Compaq Cambridge Research}
	}
@inproceedings{doucet2000rao,
  title={Rao-Blackwellised particle filtering for dynamic Bayesian networks},
    author={Doucet, Arnaud and De Freitas, Nando and Murphy, Kevin and Russell, Stuart},
      booktitle={Proceedings of the Sixteenth conference on Uncertainty in artificial intelligence},
        pages={176--183},
	  year={2000},
	    organization={Morgan Kaufmann Publishers Inc.}
	    }

% Harrison and Stevens 1976
@article{harrison1976bayesian,
  title={Bayesian forecasting},
    author={Harrison, P Jeffrey and Stevens, Colin F},
      journal={Journal of the Royal Statistical Society. Series B (Methodological)},
        pages={205--247},
	  year={1976},
	    }
	    
% Chang and Athans 1978
@article{chang1978state,
  title={State estimation for discrete systems with switching parameters},
    author={Chang, Chaw-Bing and Athans, Michael},
      journal={IEEE Transactions on Aerospace and Electronic Systems},
        number={3},
	  pages={418--425},
	    year={1978},
	      publisher={IEEE}
	      }
	      
% Hamilton 1984, 1989
@article{hamilton1990analysis,
  title={Analysis of time series subject to changes in regime},
    author={Hamilton, James D},
      journal={Journal of econometrics},
        volume={45},
	  number={1},
	    pages={39--70},
	      year={1990},
	        publisher={Elsevier}
		}
		
% Ackerson and Fu
@article{ackerson1970state,
  title={On state estimation in switching environments},
    author={Ackerson, Guy A and Fu, King-Sun},
      journal={IEEE Transactions on Automatic Control},
        volume={15},
	  number={1},
	    pages={10--17},
	      year={1970},
	        publisher={IEEE}
		}

@book{gilks2005markov,
  title={Markov chain monte carlo},
    author={Gilks, Walter R},
      year={2005},
        publisher={Wiley Online Library}
	}

@book{robert2013monte,
  title={Monte Carlo statistical methods},
    author={Robert, Christian and Casella, George},
      year={2013},
        publisher={Springer Science \& Business Media}
	}