@article{nichols2017global,
  title={A global brain state underlies {C}. elegans sleep behavior},
    author={Nichols, Annika LA and Eichler, Tom{\'a}{\v{s}} and Latham, Richard and Zimmer, Manuel},
      journal={Science},
        volume={356},
	  number={6344},
	    pages={eaam6851},
	      year={2017},
	        publisher={American Association for the Advancement of Science}
		}

@article{kato2015global,
  title={Global brain dynamics embed the motor command sequence of {C}aenorhabditis elegans},
  author={Kato, Saul and Kaplan, Harris S and Schr{\"o}del, Tina and Skora, Susanne and Lindsay, Theodore H and Yemini, Eviatar and Lockery, Shawn and Zimmer, Manuel},
  journal={Cell},
  volume={163},
  number={3},
  pages={656--669},
  year={2015},
  publisher={Elsevier}
}

@article{nguyen2016whole,
  title={Whole-brain calcium imaging with cellular resolution in freely behaving {C}aenorhabditis elegans},
    author={Nguyen, Jeffrey P and Shipley, Frederick B and Linder, Ashley N and Plummer, George S and Liu, Mochi and Setru, Sagar U and Shaevitz, Joshua W and Leifer, Andrew M},
      journal={Proceedings of the National Academy of Sciences},
        volume={113},
	  number={8},
	    pages={E1074--E1081},
	      year={2016},
	        publisher={National Acad Sciences}
		}

@article{prevedel2014simultaneous,
  title={Simultaneous whole-animal 3D imaging of neuronal activity using light-field microscopy},
  author={Prevedel, Robert and Yoon, Young-Gyu and Hoffmann, Maximilian and Pak, Nikita and Wetzstein, Gordon and Kato, Saul and Schr{\"o}del, Tina and Raskar, Ramesh and Zimmer, Manuel and Boyden, Edward S and others},
  journal={Nature Methods},
  volume={11},
  number={7},
  pages={727--730},
  year={2014},
  publisher={Nature Publishing Group}
}

@article{schrodel2013brain,
  title={Brain-wide 3D imaging of neuronal activity in {C}aenorhabditis elegans with sculpted light},
    author={Schr{\"o}del, Tina and Prevedel, Robert and Aumayr, Karin and Zimmer, Manuel and Vaziri, Alipasha},
      journal={Nature methods},
        volume={10},
	  number={10},
	    pages={1013--1020},
	      year={2013},
	        publisher={Nature Research}
		}

@article{linderman2017structure,
    author = {Scott W. Linderman and Matthew J. Johnson},
    title = {Structure-Exploiting Variational Inference for Recurrent Switching Linear Dynamical Systems},
    journal = {IEEE International Workshop on Computational Advances in Multi-Sensor Adaptive Processing (To appear)},
    year = {2017},
}

@inproceedings{linderman2017recurrent,
    title={Recurrent switching linear dynamical systems},
    author={Scott W. Linderman and Johnson, Matthew J. and Miller, Andrew C. and Adams, Ryan P. and Blei, David M. and Paninski, Liam},
    booktitle={Proceedings of the 20th International Conference on Artificial Intelligence and Statistics (AISTATS)},
    year={2017},
    link = {http://proceedings.mlr.press/v54/linderman17a/linderman17a.pdf},
    code = {https://github.com/slinderman/recurrent-slds},
    talk = {https://www.youtube.com/watch?v=5RA-TMwdpbw&list=PLlMMtlgw6qNjROoMNTBQjAcdx53kV50cS},
    slides = {https://www.dropbox.com/s/jsj95lp2rxpdk4h/broad-04-12-17.pdf}
}

@article{white1986structure,
  title={The structure of the nervous system of the nematode {C}aenorhabditis elegans},
    author={White, John G and Southgate, Eileen and Thomson, J Nichol and Brenner, Sydney},
      journal={Philos Trans R Soc Lond B Biol Sci},
        volume={314},
	  number={1165},
	    pages={1--340},
	      year={1986},
	        publisher={Citeseer}
		}


@article{fox2009nonparametric,
  title={Nonparametric {B}ayesian learning of switching linear dynamical systems},
    author={Fox, Emily and Sudderth, Erik B and Jordan, Michael I and Willsky, Alan S},
      journal={Advances in Neural Information Processing Systems},
        pages={457--464},
	  year={2009}
	  }
% Bar Shalom and Li 1993
@book{bar1993estimation,
  title={Estimation and tracking},
    author={Bar-Shalom, Yaakov and Li, Xiao-Rong},
      publisher={Artech House},
      address={Boston, MA},
        year={1993}
	}
	
@techreport{ghahramani1996switching,
  title={Switching state-space models},
    author={Ghahramani, Zoubin and Hinton, Geoffrey E},
      year={1996},
        institution={University of Toronto}
	}
	
@techreport{murphy1998switching,
  title={Switching {K}alman filters},
    author={Murphy, Kevin P},
      year={1998},
      institution={Compaq Cambridge Research}
	}
@inproceedings{doucet2000rao,
  title={Rao-Blackwellised particle filtering for dynamic Bayesian networks},
    author={Doucet, Arnaud and De Freitas, Nando and Murphy, Kevin and Russell, Stuart},
      booktitle={Proceedings of the Sixteenth conference on Uncertainty in artificial intelligence},
        pages={176--183},
	  year={2000},
	    organization={Morgan Kaufmann Publishers Inc.}
	    }

% Harrison and Stevens 1976
@article{harrison1976bayesian,
  title={Bayesian forecasting},
    author={Harrison, P Jeffrey and Stevens, Colin F},
      journal={Journal of the Royal Statistical Society. Series B (Methodological)},
        pages={205--247},
	  year={1976},
	    }
	    
% Chang and Athans 1978
@article{chang1978state,
  title={State estimation for discrete systems with switching parameters},
    author={Chang, Chaw-Bing and Athans, Michael},
      journal={IEEE Transactions on Aerospace and Electronic Systems},
        number={3},
	  pages={418--425},
	    year={1978},
	      publisher={IEEE}
	      }
	      
% Hamilton 1984, 1989
@article{hamilton1990analysis,
  title={Analysis of time series subject to changes in regime},
    author={Hamilton, James D},
      journal={Journal of econometrics},
        volume={45},
	  number={1},
	    pages={39--70},
	      year={1990},
	        publisher={Elsevier}
		}
		
% Ackerson and Fu
@article{ackerson1970state,
  title={On state estimation in switching environments},
    author={Ackerson, Guy A and Fu, King-Sun},
      journal={IEEE Transactions on Automatic Control},
        volume={15},
	  number={1},
	    pages={10--17},
	      year={1970},
	        publisher={IEEE}
		}

@book{gilks2005markov,
  title={Markov chain monte carlo},
    author={Gilks, Walter R},
      year={2005},
        publisher={Wiley Online Library}
	}

@book{robert2013monte,
  title={Monte Carlo statistical methods},
    author={Robert, Christian and Casella, George},
      year={2013},
        publisher={Springer Science \& Business Media}
	}

@inproceedings{krishnan2017structured,
    title = {Structured Inference Networks for Nonlinear State Space Models},
        author={R. Krishnan and U. Shalit and D. Sontag},
	    booktitle= {AAAI Conference on Artificial Intelligence},
	        year={2017},
		}

@article{kingma2013auto,
  title={Auto-encoding variational {B}ayes},
    author={Kingma, Diederik P and Welling, Max},
      journal={arXiv preprint arXiv:1312.6114},
        year={2013}
	}

@article{kuhn1955hungarian,
  title={The {H}ungarian method for the assignment problem},
    author={Kuhn, Harold W},
      journal={Naval research logistics quarterly},
        volume={2},
	  number={1-2},
	    pages={83--97},
	      year={1955},
	        publisher={Wiley Online Library}
		}

@article{barber2006expectation,
  title={Expectation correction for smoothed inference in switching linear dynamical systems},
  author={Barber, David},
  journal={Journal of Machine Learning Research},
  volume={7},
  number={Nov},
  pages={2515--2540},
  year={2006}
}

@article{paoletti2007identification,
  title={Identification of hybrid systems a tutorial},
  author={Paoletti, Simone and Juloski, Aleksandar Lj and Ferrari-Trecate, Giancarlo and Vidal, Ren{\'e}},
  journal={European Journal of Control},
  volume={13},
  number={2},
  pages={242--260},
  year={2007},
  publisher={Elsevier}
}

@article{huber1981robust,
  title={Robust Statistics},
  author={Huber, Peter J},
  year={1981},
  publisher={Wiley-Interscience}
}

@article{lange1989robust,
  title={Robust statistical modeling using the t distribution},
  author={Lange, Kenneth L and Little, Roderick JA and Taylor, Jeremy MG},
  journal={Journal of the American Statistical Association},
  volume={84},
  number={408},
  pages={881--896},
  year={1989},
  publisher={Taylor \& Francis Group}
}